<?xml version="1.0"?>
<marc:records xmlns:marc="http://www.loc.gov/MARC21/slim" xmlns:xsi="http://www.w3.org/2001/XMLSchema-instance" xsi:schemaLocation="http://www.loc.gov/MARC21/slim http://www.loc.gov/standards/marcxml/schema/MARC21slim.xsd">
  <marc:record>
    <marc:leader>07563ntm a2200697Ia 4500</marc:leader>
    <marc:controlfield tag="001">9969495413503681</marc:controlfield>
    <marc:controlfield tag="005">20190730135116.0</marc:controlfield>
    <marc:controlfield tag="008">190725q17441745it            000 0 heb d</marc:controlfield>
    <marc:datafield ind1=" " ind2=" " tag="035">
  <marc:subfield code="a">(PUVoyagerBIBID)6949541</marc:subfield>
</marc:datafield>
    <marc:datafield ind1=" " ind2=" " tag="035">
  <marc:subfield code="a">(PU)6949541-penndb-Voyager</marc:subfield>
</marc:datafield>
    <marc:datafield ind1=" " ind2=" " tag="035">
  <marc:subfield code="a">(OCoLC)1110108774</marc:subfield>
</marc:datafield>
    <marc:datafield ind1=" " ind2=" " tag="035">
  <marc:subfield code="a">(OCoLC)on1110108774</marc:subfield>
</marc:datafield>
    <marc:datafield ind1=" " ind2=" " tag="040">
  <marc:subfield code="a">PAU</marc:subfield>
  <marc:subfield code="b">eng</marc:subfield>
  <marc:subfield code="c">PAU</marc:subfield>
  <marc:subfield code="e">amremm</marc:subfield>
</marc:datafield>
    <marc:datafield ind1="0" ind2=" " tag="041">
  <marc:subfield code="a">heb</marc:subfield>
  <marc:subfield code="a">ara</marc:subfield>
  <marc:subfield code="a">ita</marc:subfield>
</marc:datafield>
    <marc:datafield ind1=" " ind2="9" tag="099">
  <marc:subfield code="a">CAJS Rar Ms 506</marc:subfield>
</marc:datafield>
    <marc:datafield ind1="1" ind2=" " tag="100">
  <marc:subfield code="6">880-01</marc:subfield>
  <marc:subfield code="a">K&#x323;arpi, Shelomoh Yosef b. Natan.</marc:subfield>
</marc:datafield>
    <marc:datafield ind1="1" ind2="0" tag="245">
  <marc:subfield code="6">880-02</marc:subfield>
  <marc:subfield code="a">[Kitve Shelomoh Yosef K&#x323;arpi me-Liv&#x323;orno].</marc:subfield>
</marc:datafield>
    <marc:datafield ind1=" " ind2=" " tag="260">
  <marc:subfield code="6">880-03</marc:subfield>
  <marc:subfield code="a">[Livorno],</marc:subfield>
  <marc:subfield code="c">1744-1745.</marc:subfield>
</marc:datafield>
    <marc:datafield ind1=" " ind2=" " tag="300">
  <marc:subfield code="a">148 leaves :</marc:subfield>
  <marc:subfield code="b">paper ;</marc:subfield>
  <marc:subfield code="c">140 x 98 (110 x 65) mm bound to 145 x 105 mm.</marc:subfield>
</marc:datafield>
    <marc:datafield ind1=" " ind2=" " tag="500">
  <marc:subfield code="a">Ms. codex.</marc:subfield>
</marc:datafield>
    <marc:datafield ind1=" " ind2=" " tag="500">
  <marc:subfield code="a">Title supplied by cataloger.</marc:subfield>
</marc:datafield>
    <marc:datafield ind1=" " ind2=" " tag="500">
  <marc:subfield code="a">Collation: Paper, 148; 1&#xB9;&#x2070; 2&#x2076; 3&#x2074; 4&#x2074; (-1) 5&#x2078; (-8) 6&#xB9;&#x2070; (-6) 7&#x2076; 8&#xB9;&#x2070; 9&#x2076; 10&#xB9;&#x2070; 11&#x2076; 12&#xB9;&#x2070; 13&#x2076; 14&#xB9;&#x2070; 15&#x2076; 16&#xB9;&#x2070; 17&#x2076; 18&#xB9;&#x2070; (-4,5,6) 19&#x2076; 20&#xB9;&#x2070; ; contemporary foliation in ink on folios 1-146, upper left recto, 1-16, 24-42, 44-131, 138-140, 144-160; modern foliation in pencil, lower left recto, [1-148]. References in this record are to modern foliation.</marc:subfield>
</marc:datafield>
    <marc:datafield ind1=" " ind2=" " tag="500">
  <marc:subfield code="a">Layout: Written in fourteen to seventeen long lines with indents used for the beginning of letter passages; for long form poetry, double columns are used (for example, f. 65v); in other verse sections, a column in the center of the folio is used to demarcate (for example, f. 77v).</marc:subfield>
</marc:datafield>
    <marc:datafield ind1=" " ind2=" " tag="500">
  <marc:subfield code="a">Script:  Written in 18th-century Italian Hebrew cursive script by multiple hands.</marc:subfield>
</marc:datafield>
    <marc:datafield ind1=" " ind2=" " tag="500">
  <marc:subfield code="a">Binding: Contemporary vellum on soft board, likely original; no spine cords apparent. There is evidence for a contemporary spine title, no longer legible.</marc:subfield>
</marc:datafield>
    <marc:datafield ind1=" " ind2=" " tag="500">
  <marc:subfield code="a">Origin:  Written in Livorno, a Tuscan port city near Pisa, in the hands of members of the Carpi family, in 1744-1745 (f. 1r).</marc:subfield>
</marc:datafield>
    <marc:datafield ind1=" " ind2=" " tag="520">
  <marc:subfield code="a">This is a manuscript of collected writings and correspondence of Solomon Joseph K&#x323;arpi (then spelled Carpi) of Livorno. The opening letter is addressed to his brother, Yis&#x301;ra&#x2BC;el H&#x323;ayim K&#x323;arpi, called "the great emissary" in Aramaic ("hai sheluh&#x323;ah rabah," f. 1r) on the title page which includes a note about the manuscript's creation. Writing about Shabtai Tsevi (Izmir 1626 - Ulcinj 1676, f. v-22r), he records testimonies about a trip through Istanbul (f. 5v-6v) and its surrounding villages (f. 7r-7v) and Shabtai in Italy, including Casale Monferrato (f. 8r-16v). Other materials include correspondence of a R. Mordekhai Bos&#x301;ki, a Shadar (acronym for Sheluh&#x323;a de-rabanan, a rabbinical emissary; f. 54r); a k&#x323;inah written by Ya'ak&#x323;ov H&#x323;ayim Castir-Franco of Padua, possibly about a local tragic event (f. 67r-69v); a eulogy and poem on the death of R. Immanuel H&#x323;ai Ricchi (Ferrara 1688 - Modena? 1743), a prominent cabalist and author of Mishnat h&#x323;asidim and Hon &#x2BB;ashir, who was murdered on the road near Modena (f. 90r-93r); correspondence to R. Joseph Galik&#x323;i (then called Gallichi), a rabbi in Livorno (f. 110v). Included is a work titled "Nah&#x323;alat tsevi" (f. 93r-102v), a condemnation of the proto-Sabbatean writer Neh&#x323;emia H&#x323;ayon (Egypt? ca. 1655- North Africa? ca. 1730) attesting to "the nefarious incident, 'H&#x323;iya H&#x323;ayon sh.r.i.'" (acronym shem resha&#x2BB;im yirk&#x323;av&#x323;, or "let the name of the wicked rot") and the mention of H&#x323;ayon's nemesis, R. Tsevi Ashkenazi (known as H&#x323;akham Tsevi; Velke&#x301; Mezir&#x30C;i&#x301;c&#x30C;i&#x301; 1656 - Lviv 1718) and mentioning H&#x323;ayon's anti-Ashkenazi polemic ha-Ttsad Tsevi;  the introduction ends with K&#x323;arpi's prayer to be remembered as siding with R. Ashkenazi (who is not named), and a note that the name of the treatise is the same gematriah as his full name. Some folios, possibly with text, may be missing where there are breaks in the contemporary foliation sequence (after f. 16, 42, 131, 140). Other places named are Severino (f. 114r) and Siena (f. 116v). The manuscript concludes with a poem in honor of Carpi's son Simh&#x323;ah's marriage (f. 146v-147r). The paste-downs inside each cover have records of the births of members of the Carpi family, with the latest dated 1750.</marc:subfield>
</marc:datafield>
    <marc:datafield ind1=" " ind2=" " tag="524">
  <marc:subfield code="a">UPenn CAJS Rar Ms 506.</marc:subfield>
</marc:datafield>
    <marc:datafield ind1=" " ind2=" " tag="546">
  <marc:subfield code="a">Hebrew, with a few words in Italian in the genealogy portion on the rear paste-down.</marc:subfield>
</marc:datafield>
    <marc:datafield ind1="1" ind2=" " tag="561">
  <marc:subfield code="a">Sold by Kestenbaum and Company, sale 68 (April 7, 2016) lot 113.</marc:subfield>
</marc:datafield>
    <marc:datafield ind1=" " ind2=" " tag="590">
  <marc:subfield code="a">Acquired for the Penn Libraries with assistance from the Rare Judaica Acquisitions Fund.</marc:subfield>
</marc:datafield>
    <marc:datafield ind1=" " ind2=" " tag="590">
  <marc:subfield code="a">Kestenbaum, April 7, 2016 Lot 113</marc:subfield>
</marc:datafield>
    <marc:datafield ind1="0" ind2="0" tag="600">
  <marc:subfield code="6">880-04</marc:subfield>
  <marc:subfield code="a">Shabbethai Tzevi,</marc:subfield>
  <marc:subfield code="d">1626-1676.</marc:subfield>
</marc:datafield>
    <marc:datafield ind1="1" ind2="0" tag="600">
  <marc:subfield code="6">880-05</marc:subfield>
  <marc:subfield code="a">Ricchi, Raphael Immanuel ben Abraham H&#x323;ai,</marc:subfield>
  <marc:subfield code="d">1688-1743.</marc:subfield>
</marc:datafield>
    <marc:datafield ind1="1" ind2="0" tag="600">
  <marc:subfield code="6">880-06</marc:subfield>
  <marc:subfield code="a">H&#x323;ayon, Nehemiah H&#x323;iyya ben Moses,</marc:subfield>
  <marc:subfield code="d">-approximately 1730.</marc:subfield>
</marc:datafield>
    <marc:datafield ind1="1" ind2="0" tag="600">
  <marc:subfield code="6">880-07</marc:subfield>
  <marc:subfield code="a">Ashkenazi, Z&#x323;evi Hirsch ben Jacob,</marc:subfield>
  <marc:subfield code="d">-1718.</marc:subfield>
</marc:datafield>
    <marc:datafield ind1=" " ind2="0" tag="650">
  <marc:subfield code="a">Jews</marc:subfield>
  <marc:subfield code="z">Italy</marc:subfield>
  <marc:subfield code="z">Livorno</marc:subfield>
  <marc:subfield code="x">History</marc:subfield>
  <marc:subfield code="v">Sources.</marc:subfield>
</marc:datafield>
    <marc:datafield ind1=" " ind2="0" tag="650">
  <marc:subfield code="a">Jews</marc:subfield>
  <marc:subfield code="z">Italy</marc:subfield>
  <marc:subfield code="z">Padua</marc:subfield>
  <marc:subfield code="x">History</marc:subfield>
  <marc:subfield code="v">Sources.</marc:subfield>
</marc:datafield>
    <marc:datafield ind1=" " ind2="0" tag="650">
  <marc:subfield code="a">Jews, Italian</marc:subfield>
  <marc:subfield code="x">History</marc:subfield>
  <marc:subfield code="v">Sources.</marc:subfield>
</marc:datafield>
    <marc:datafield ind1=" " ind2="0" tag="650">
  <marc:subfield code="a">Cabala</marc:subfield>
  <marc:subfield code="x">History.</marc:subfield>
</marc:datafield>
    <marc:datafield ind1=" " ind2="0" tag="650">
  <marc:subfield code="a">Hebrew poetry.</marc:subfield>
</marc:datafield>
    <marc:datafield ind1=" " ind2="7" tag="655">
  <marc:subfield code="a">Codices (bound manuscripts)</marc:subfield>
  <marc:subfield code="2">aat</marc:subfield>
</marc:datafield>
    <marc:datafield ind1=" " ind2="7" tag="655">
  <marc:subfield code="a">Religious poetry.</marc:subfield>
  <marc:subfield code="2">aat</marc:subfield>
</marc:datafield>
    <marc:datafield ind1=" " ind2="7" tag="655">
  <marc:subfield code="a">Personal correspondence.</marc:subfield>
  <marc:subfield code="2">aat</marc:subfield>
</marc:datafield>
    <marc:datafield ind1=" " ind2="7" tag="655">
  <marc:subfield code="a">Manuscripts, Hebrew</marc:subfield>
  <marc:subfield code="y">18th century.</marc:subfield>
  <marc:subfield code="2">local</marc:subfield>
</marc:datafield>
    <marc:datafield ind1=" " ind2="0" tag="655">
  <marc:subfield code="a">Manuscripts, European.</marc:subfield>
</marc:datafield>
    <marc:datafield ind1="1" ind2="2" tag="700">
  <marc:subfield code="6">880-08</marc:subfield>
  <marc:subfield code="a">K&#x323;arpi, Shelomoh Yosef b. Natan.</marc:subfield>
  <marc:subfield code="t">Nah&#x323;alat tsevi.</marc:subfield>
</marc:datafield>
    <marc:datafield ind1="2" ind2=" " tag="710">
  <marc:subfield code="a">Rare Judaica Acquisitions Fund.</marc:subfield>
  <marc:subfield code="5">PU</marc:subfield>
</marc:datafield>
    <marc:datafield ind1="0" ind2="0" tag="773">
  <marc:subfield code="t">Rare Judaica Acquisitions Fund.</marc:subfield>
</marc:datafield>
    <marc:datafield ind1=" " ind2=" " tag="852">
  <marc:subfield code="b">Library at the Herbert D. Katz Center for Advanced Judaic Studies</marc:subfield>
  <marc:subfield code="a">University of Pennsylvania</marc:subfield>
  <marc:subfield code="e">420 Walnut Street, Philadelphia, Pennsylvania 19106-3703.</marc:subfield>
  <marc:subfield code="j">CAJS Rar Ms 506</marc:subfield>
</marc:datafield>
    <marc:datafield ind1="4" ind2="2" tag="856">
  <marc:subfield code="3">The Rare Judaica Acquisitions Fund Home Page</marc:subfield>
  <marc:subfield code="u">http://hdl.library.upenn.edu/1017.12/1229058</marc:subfield>
</marc:datafield>
    <marc:datafield ind1="1" ind2=" " tag="880">
  <marc:subfield code="6">100-01//r</marc:subfield>
  <marc:subfield code="a">&#x5E7;&#x5D0;&#x5E8;&#x5E4;&#x5D9;, &#x5E9;&#x5DC;&#x5DE;&#x5D4; &#x5D9;&#x5D5;&#x5E1;&#x5E3; &#x5D1;&#x5DF; &#x5E0;&#x5EA;&#x5DF;.</marc:subfield>
</marc:datafield>
    <marc:datafield ind1="1" ind2="0" tag="880">
  <marc:subfield code="6">245-02//r</marc:subfield>
  <marc:subfield code="a">[&#x5DB;&#x5EA;&#x5D1;&#x5D9; &#x5E9;&#x5DC;&#x5DE;&#x5D4; &#x5D9;&#x5D5;&#x5E1;&#x5E3; &#x5E7;&#x5D0;&#x5E8;&#x5E4;&#x5D9; &#x5DE;&#x5DC;&#x5D9;&#x5D5;&#x5D5;&#x5E8;&#x5E0;&#x5D5;].</marc:subfield>
</marc:datafield>
    <marc:datafield ind1=" " ind2=" " tag="880">
  <marc:subfield code="6">260-03//r</marc:subfield>
  <marc:subfield code="a">[&#x5DC;&#x5D5;&#x5D5;&#x5E8;&#x5E0;&#x5D5;],</marc:subfield>
  <marc:subfield code="c">&#x5EA;&#x5E7;"&#x5D4;.</marc:subfield>
</marc:datafield>
    <marc:datafield ind1="0" ind2="0" tag="880">
  <marc:subfield code="6">600-04//r</marc:subfield>
  <marc:subfield code="a">&#x5E9;&#x5D1;&#x5EA;&#x5D9; &#x5E6;&#x5D1;&#x5D9;,</marc:subfield>
  <marc:subfield code="d">1626&#x5BE;1676.</marc:subfield>
</marc:datafield>
    <marc:datafield ind1="1" ind2="0" tag="880">
  <marc:subfield code="6">600-05//r</marc:subfield>
  <marc:subfield code="a">&#x5E8;&#x5D9;&#x5E7;&#x5D9;, &#x5E8;&#x5E4;&#x5D0;&#x5DC; &#x5E2;&#x5DE;&#x5E0;&#x5D5;&#x5D0;&#x5DC; &#x5D1;&#x5DF; &#x5D0;&#x5D1;&#x5E8;&#x5D4;&#x5DD; &#x5D7;&#x5D9;,</marc:subfield>
  <marc:subfield code="d">1688&#x5BE;1743.</marc:subfield>
</marc:datafield>
    <marc:datafield ind1="1" ind2="0" tag="880">
  <marc:subfield code="6">600-06//r</marc:subfield>
  <marc:subfield code="a">&#x5D7;&#x5D9;&#x5D5;&#x5DF;, &#x5E0;&#x5D7;&#x5DE;&#x5D9;&#x5D4; &#x5D7;&#x5D9;&#x5D9;&#x5D0;,</marc:subfield>
  <marc:subfield code="d">&#x5E0;&#x5E4;&#x5F3; 1730 ca</marc:subfield>
</marc:datafield>
    <marc:datafield ind1="1" ind2="0" tag="880">
  <marc:subfield code="6">600-07//r</marc:subfield>
  <marc:subfield code="a">&#x5D0;&#x5E9;&#x5DB;&#x5E0;&#x5D6;&#x5D9;, &#x5E6;&#x5D1;&#x5D9; &#x5D4;&#x5D9;&#x5E8;&#x5E9; &#x5D1;&#x5DF; &#x5D9;&#x5E2;&#x5E7;&#x5D1;,</marc:subfield>
  <marc:subfield code="d">&#x5E0;&#x5E4;&#x5F3; 1718</marc:subfield>
</marc:datafield>
    <marc:datafield ind1="1" ind2="2" tag="880">
  <marc:subfield code="6">700-08//r</marc:subfield>
  <marc:subfield code="a">&#x5E7;&#x5D0;&#x5E8;&#x5E4;&#x5D9;, &#x5E9;&#x5DC;&#x5DE;&#x5D4; &#x5D9;&#x5D5;&#x5E1;&#x5E3; &#x5D1;&#x5DF; &#x5E0;&#x5EA;&#x5DF;.</marc:subfield>
  <marc:subfield code="t">&#x5E0;&#x5D7;&#x5DC;&#x5EA; &#x5E6;&#x5D1;&#x5D9;.</marc:subfield>
</marc:datafield>
    <marc:datafield ind1=" " ind2=" " tag="948">
  <marc:subfield code="h">HELD BY PAU - 0 OTHER HOLDINGS</marc:subfield>
</marc:datafield>
    <marc:datafield ind1=" " ind2=" " tag="994">
  <marc:subfield code="a">Z0</marc:subfield>
  <marc:subfield code="b">PAU</marc:subfield>
</marc:datafield>
    <marc:datafield ind1=" " ind2=" " tag="996">
  <marc:subfield code="a">hinge-right</marc:subfield>
</marc:datafield>
    <marc:holdings>
      <marc:holding>
        <marc:holding_id>22405263590003681</marc:holding_id>
        <marc:call_number>CAJS Rar Ms 506</marc:call_number>
        <marc:library>KatzLib</marc:library>
        <marc:location>cjsrar</marc:location>
      </marc:holding>
    </marc:holdings>
  </marc:record>
</marc:records>
